<?xml version="1.0" encoding="UTF-8"?>
<collection xmlns:xsi="http://www.w3.org/2001/XMLSchema-instance" xsi:schemaLocation="http://www.loc.gov/MARC21/slim http://www.loc.gov/standards/marcxml/schema/MARC21slim.xsd" xmlns="http://www.loc.gov/MARC21/slim">
<record>
  <leader>01312mam a2200325 a 4500</leader>
  <controlfield tag="001">1172953</controlfield>
  <controlfield tag="003">NNC</controlfield>
  <controlfield tag="005">20130423224655.0</controlfield>
  <controlfield tag="008">981020s1989    ir       b    001 0cara d</controlfield>
  <datafield tag="035" ind1=" " ind2=" ">
    <subfield code="a">(OCoLC)31707221</subfield>
  </datafield>
  <datafield tag="035" ind1=" " ind2=" ">
    <subfield code="a">(OCoLC)ocm31707221</subfield>
  </datafield>
  <datafield tag="035" ind1=" " ind2=" ">
    <subfield code="9">AGP1280CU</subfield>
  </datafield>
  <datafield tag="035" ind1=" " ind2=" ">
    <subfield code="a">(NNC)1172953</subfield>
  </datafield>
  <datafield tag="040" ind1=" " ind2=" ">
    <subfield code="a">NjP</subfield>
    <subfield code="c">NjP</subfield>
    <subfield code="d">NN</subfield>
    <subfield code="d">CtY</subfield>
    <subfield code="d">PU</subfield>
  </datafield>
  <datafield tag="043" ind1=" " ind2=" ">
    <subfield code="a">a-le---</subfield>
  </datafield>
  <datafield tag="050" ind1=" " ind2="4">
    <subfield code="a">BP192.8.H873</subfield>
    <subfield code="b">A426 1989</subfield>
  </datafield>
  <datafield tag="090" ind1=" " ind2=" ">
    <subfield code="a">BP192.8.H873</subfield>
    <subfield code="b">A426 1989</subfield>
  </datafield>
  <datafield tag="100" ind1="1" ind2=" ">
    <subfield code="a">Afandī, ʻAbd Allāh ibn ʻĪsá,</subfield>
    <subfield code="d">-approximately 1718.</subfield>
  </datafield>
  <datafield tag="245" ind1="1" ind2="0">
    <subfield code="a">Taʻlīqat Amal al-āmil /</subfield>
    <subfield code="c">lil-Mīrzā ʻAbd Allāh Afandī al-Isbahānī ; tadwīn wa-taḥqīq Aḥmad al-Ḥusaynī ; tubiʻa bi-iʻtināʾ Maḥmūd al-Marʻashī.</subfield>
  </datafield>
  <datafield tag="250" ind1=" " ind2=" ">
    <subfield code="a">al-Ṭabʻah 1.</subfield>
  </datafield>
  <datafield tag="260" ind1=" " ind2=" ">
    <subfield code="a">Qum :</subfield>
    <subfield code="b">Maktabat Āyat Allah al-Marʻashi,</subfield>
    <subfield code="c">1410 [1989 or 1990]</subfield>
  </datafield>
  <datafield tag="300" ind1=" " ind2=" ">
    <subfield code="a">439, [1] p. ;</subfield>
    <subfield code="c">25 cm.</subfield>
  </datafield>
  <datafield tag="546" ind1=" " ind2=" ">
    <subfield code="a">In Arabic.</subfield>
  </datafield>
  <datafield tag="504" ind1=" " ind2=" ">
    <subfield code="a">Includes bibliographical references (p. 435-[440]) and indexes.</subfield>
  </datafield>
  <datafield tag="600" ind1="1" ind2="0">
    <subfield code="a">Ḥurr al-ʻĀmilī, Muḥammad ibn al-Ḥasan,</subfield>
    <subfield code="d">1624-1693.</subfield>
    <subfield code="t">Amal al-āmil.</subfield>
  </datafield>
  <datafield tag="650" ind1=" " ind2="0">
    <subfield code="a">Shiites</subfield>
    <subfield code="v">Biography.</subfield>
  </datafield>
  <datafield tag="650" ind1=" " ind2="0">
    <subfield code="a">Shiites</subfield>
    <subfield code="z">Lebanon</subfield>
    <subfield code="v">Biography.</subfield>
  </datafield>
  <datafield tag="651" ind1=" " ind2="0">
    <subfield code="a">ʻĀmil Mountains (Lebanon)</subfield>
    <subfield code="v">Biography.</subfield>
  </datafield>
  <datafield tag="700" ind1="1" ind2=" ">
    <subfield code="a">Ḥurr al-ʻĀmilī, Muḥammad ibn al-Ḥasan,</subfield>
    <subfield code="d">1624-1693.</subfield>
    <subfield code="t">Amal al-āmil.</subfield>
  </datafield>
  <datafield tag="700" ind1="1" ind2=" ">
    <subfield code="a">Ḥusaynī, Aḥmad.</subfield>
  </datafield>
  <datafield tag="955" ind1=" " ind2=" ">
    <subfield code="b">0049155717</subfield>
    <subfield code="d">glx</subfield>
    <subfield code="e">BP192.8.H873 A426 1989g</subfield>
  </datafield>
</record>
</collection>